@misc{byron_chain_spec,
    title = {Byron Blockchain Specification, IOHK Deliverable BC-D1},
    author = {IOHK Formal Methods Team},
    year = {2019},
    howpublished = {\url{https://github.com/intersectmbo/cardano-ledger/tree/master/docs/}}
}

@misc{shelley_chain_spec,
    title = {A Formal Specification of the Cardano Ledger},
    author = {IOHK Formal Methods Team},
    year = {2019},
    howpublished = {\url{https://github.com/intersectmbo/cardano-ledger/releases/latest/download/shelley-ledger.pdf}}
}

@misc{ouroboros_praos,
    title = {Ouroboros praos: An adaptively-secure, semi-synchronous proof-of-stake protocol},
    author = {Bernardo David and Peter Ga≈æi and Aggelos Kiayias and Alexander Russell},
    year = {2017},
    howpublished = {Cryptology ePrint Archive, Paper 2017/573},
    note = {\url{https://eprint.iacr.org/2017/573}},
    url = {https://eprint.iacr.org/2017/573}
}

@misc{delegation_design,
    title ={Design Specification for Delegation and Incentives in Cardano, IOHK Deliverable SL-D1},
    author = {IOHK Formal Methods Team},
    year = {2018},
    howpublished = {\url{https://github.com/intersectmbo/cardano-ledger/releases/latest/download/shelley-delegation.pdf}}
}
